@techreport{RiveraHazim2015APath,
    title = {{A General implementation of Eulerian Path}},
    year = {2015},
    author = {Rivera Hazim, Edwardo S and Ortiz Zuazaga, Humberto},
    institution = {University of Puerto Rico},
    address = {R{\'{i}}o Piedras},
    doi = {10.6084/m9.figshare.1424492}
}

@article{Bonomo2012AStudy,
    title = {{A method for optimizing waste collection using mathematical programming: a Buenos Aires case study}},
    year = {2012},
    journal = {Waste Management {\&} Research},
    author = {Bonomo, Flavio and Dur{\'{a}}n, Guillermo and Larumbe, Frederico and Marenco, Javier},
    number = {3},
    month = {3},
    pages = {311--324},
    volume = {30},
    publisher = {SAGE PublicationsSage UK: London, England},
    url = {http://journals.sagepub.com/doi/10.1177/0734242X11402870},
    doi = {10.1177/0734242X11402870},
    issn = {0734-242X},
    keywords = {Environment, TSP, mathematical programming, vehicle routing, waste collection}
}

@article{Avila2015AProblem,
    title = {{A New Branch-and-Cut Algorithm for the Generalized Directed Rural Postman Problem}},
    year = {2015},
    journal = {Transportation Science},
    author = {{\'{A}}vila, Thais and Corber{\'{a}}n, Ángel and Plana, Isaac and Sanchis, José M.},
    number = {2},
    month = {5},
    pages = {750--761},
    volume = {50},
    doi = {10.1287/trsc.2015.0588}
}

@article{Tirkolaee2018ATime,
    title = {{A robust periodic capacitated arc routing problem for urban waste collection considering drivers and crew’s working time}},
    year = {2018},
    journal = {Waste Management},
    author = {Tirkolaee, Erfan Babaee and Mahdavi, Iraj and Mehdi Seyyed Esfahani, Mir},
    month = {6},
    pages = {138--146},
    volume = {76},
    doi = {10.1016/j.wasman.2018.03.015},
    pmid = {29599022},
    keywords = {Capacitated arc routing problem, Robust optimization, Simulated annealing, Waste collection, Working time}
}

@article{Vecchi2016ACollection,
    title = {{A sequential approach for the optimization of truck routes for solid waste collection}},
    year = {2016},
    journal = {Process Safety and Environmental Protection},
    author = {Vecchi, Thelma P.B. and Surco, Douglas F. and Constantino, Ademir A. and Steiner, Maria T.A. and Jorge, Luiz M.M. and Ravagnani, Mauro A.S.S. and Para{\'{i}}so, Paulo R.},
    month = {7},
    pages = {238--250},
    volume = {102},
    publisher = {Elsevier},
    doi = {10.1016/J.PSEP.2016.03.014}
}

@article{Braier2017AnArgentina,
    title = {{An integer programming approach to a real-world recyclable waste collection problem in Argentina}},
    year = {2017},
    journal = {Waste Management {\&} Research},
    author = {Braier, Gustavo and Dur{\'{a}}n, Guillermo and Marenco, Javier and Wesner, Francisco},
    number = {5},
    month = {5},
    pages = {525--533},
    volume = {35},
    doi = {10.1177/0734242X16688776},
    pmid = {28462677}
}

@book{Heywood2006AnSystems,
    title = {{An introduction to geographical information systems}},
    year = {2006},
    author = {Heywood, D. Ian. and Cornelius, Sarah. and Carver, Steve.},
    edition = {3rd},
    pages = {426},
    publisher = {Pearson Prentice Hall},
    url = {https://books.google.com.py/books/about/An_Introduction_to_Geographical_Informat.html?id=p_V_AAAAMAAJ&redir_esc=y},
    isbn = {0131293176}
}

@phdthesis{OsorioDominguez2018AnalisisParaguay,
    title = {{An{\'{a}}lisis multitemporal de la p{\'{e}}rdida del h{\'{a}}bitat y distribuci{\'{o}}n espacial del mono capuchino (sapajus cay) en la ecorregi{\'{o}}n selva central, Paraguay}},
    year = {2018},
    author = {Osorio Dom{\'{i}}nguez, Juan María and Bogado Otazo, Claudio Augusto},
    url = {https://www.cnc.una.py/opac/cliente.cgi?codbiblio=ING&orderby=&mode=full&last_mode=brief&last_limit=15&last_next_rec=1&last_cclquery=ti%3D%28espacial%29&last_codbiblio=TODAS&last_cant_total_reg=130&cclquery=ln%3D192499449&sintaxis=XML}
}

@misc{Angular,
    title = {{Angular}},
    url = {https://angular.io/}
}

@book{Bradley1977AppliedProgramming,
    title = {{Applied mathematical programming}},
    year = {1977},
    author = {Bradley, Stephen P. and Hax, Arnoldo C. and Magnanti, Thomas L.},
    pages = {716},
    publisher = {Addison-Wesley Pub. Co},
    url = {https://books.google.com.py/books?id=MSWdWv3Gn5cC&q=Applied+Mathematical+Programming&dq=Applied+Mathematical+Programming&hl=es-419&sa=X&ved=0ahUKEwjnltWI2a3jAhUsIbkGHXpTBCMQ6AEIJzAA},
    isbn = {020100464X}
}

@misc{LaNacion2016AsuncionBasura,
    title = {{Asunci{\'{o}}n registr{\'{o}} un hist{\'{o}}rico r{\'{e}}cord de recolecci{\'{o}}n de basura}},
    year = {2016},
    author = {{La Naci{\'{o}}n}},
    month = {1},
    url = {https://www.lanacion.com.py/2016/01/09/asuncion-registro-un-historico-record-de-recoleccion-de-basura/}
}

@article{Akhtar2017BacktrackingOptimization,
    title = {{Backtracking search algorithm in CVRP models for efficient solid waste collection and route optimization}},
    year = {2017},
    journal = {Waste Management},
    author = {Akhtar, Mahmuda and Hannan, M.A. and Begum, R.A. and Basri, Hassan and Scavino, Edgar},
    month = {3},
    pages = {117--128},
    volume = {61},
    doi = {10.1016/j.wasman.2017.01.022},
    pmid = {28153405}
}

@article{CalvinoM2011CooperacionPanoramica,
    title = {{Cooperaci{\'{o}}n en los problemas del viajante (TSP) y de rutas de veh{\'{i}}culos (VRP): una panor{\'{a}}mica}},
    year = {2011},
    journal = {Vigo: Universidad de Vigo},
    author = {Calvi{\~{n}}o M, Aida},
    pages = {106},
    institution = {Universidad de Santiago de Compostela},
    address = {Santiago de Compostela}
}

@misc{CPLEXOptimizer,
    title = {{CPLEX Optimizer}},
    url = {https://www.ibm.com/analytics/cplex-optimizer}
}

@article{BabaeeTirkolaee2019DevelopingStudy,
    title = {{Developing an applied algorithm for multi-trip vehicle routing problem with time windows in urban waste collection: A case study}},
    year = {2019},
    journal = {Waste Management {\&} Research},
    author = {Babaee Tirkolaee, Erfan and Abbasian, Parvin and Soltani, Mehdi and Ghaffarian, Seyed Ali},
    number = {1{\_}suppl},
    month = {1},
    pages = {4--13},
    volume = {37},
    publisher = {SAGE PublicationsSage UK: London, England},
    doi = {10.1177/0734242X18807001},
    keywords = {CPLEX solver, Vehicle routing problem, multiple trips, simulated annealing, time windows, urban waste collection}
}

@article{Acurio1997DiagnosticoCaribe,
    title = {{Diagn{\'{o}}stico de la situaci{\'{o}}n del manejo de residuos s{\'{o}}lidos municipales en Am{\'{e}}rica Latina y el Caribe}},
    year = {1997},
    author = {Acurio, Guido and Rossin, Antonio and Teixeira, Paulo Fernando and Zepeda, Francisco},
    url = {https://publications.iadb.org/handle/11319/4768}
}

@misc{Docplex,
    title = {{Docplex}},
    url = {https://github.com/IBMDecisionOptimization/docplex-doc}
}

@techreport{YordaPerez2014ElChino,
    title = {{El problema del cartero chino}},
    year = {2014},
    author = {Yord{\'{a}} P{\'{e}}rez, Jesús}
}

@book{Rao2009EngineeringEdition,
    title = {{Engineering Optimization: Theory and Practice, Fourth Edition}},
    year = {2009},
    author = {Rao, Singiresu S},
    publisher = {John Wiley {\&} Sons}
}

@phdthesis{Cabral2018EstrategiasAsuncion,
    title = {{Estrategias de remoci{\'{o}}n de residuos s{\'{o}}lidos urbanos de la municipalidad de Asunci{\'{o}}n}},
    year = {2018},
    author = {Cabral, Antúnez and Nestor, David},
    url = {https://www.cnc.una.py/opac/cliente.cgi?codbiblio=ING&orderby=&mode=full&last_mode=brief&last_limit=15&last_next_rec=1&last_cclquery=au%3D%28N%E9stor+or+Cabral%29&last_codbiblio=TODAS&last_cant_total_reg=667&cclquery=ln%3D192499400&sintaxis=XML}
}

@misc{GeoDjango,
    title = {{GeoDjango}},
    url = {https://docs.djangoproject.com/en/2.2/ref/contrib/gis/}
}

@misc{GeoServer,
    title = {{GeoServer}},
    url = {http://geoserver.org/}
}

@book{Fazal2008GISBasics,
    title = {{GIS basics}},
    year = {2008},
    author = {Fazal, Shahab},
    publisher = {New Age International},
    url = {https://books.google.es/books?hl=es&lr=&id=CHIyTUPvBmEC&oi=fnd&pg=PA1&dq=gis+basics+shahab+fazal&ots=55rXCDI473&sig=Oua26rHSRpUSJ9DODQOquKEg-bg#v=onepage&q=gis%20basics%20shahab%20fazal&f=false},
    isbn = {9788122423761}
}

@article{Billa2014GISOptimization,
    title = {{GIS routing and modelling of residential waste collection for operational management and cost optimization}},
    year = {2014},
    journal = {Journal of Science and Technology},
    author = {Billa, Lawal and Pradhan, Biswajeet and Yakuup, A},
    pages = {193--211},
    volume = {1}
}

@misc{Gunicorn,
    title = {{Gunicorn}},
    url = {https://gunicorn.org/}
}

@book{Pressman2010IngenieriaPractico,
    title = {{Ingenieria del Software. Un Enfoque Practico}},
    year = {2010},
    author = {Pressman, Roger S},
    edition = {7},
    isbn = {9786071503145}
}

@book{Conforti2014IntegerProgramming,
    title = {{Integer programming}},
    year = {2014},
    author = {Conforti, Michele and Cornuejols, Gerard and Zambelli, Giacomo},
    pages = {456},
    publisher = {Springer},
    isbn = {9783319110080}
}

@article{AbdullaAlMamun2015IntegratedAutomation,
    title = {{Integrated Sensing Systems and Algorithms for Solid Waste Bin State Management Automation}},
    year = {2015},
    journal = {IEEE Sensors Journal},
    author = {Abdulla Al Mamun, Md and Hannan, Mahammad A. and Hussain, Aini and Basri, Hassan},
    number = {1},
    month = {1},
    pages = {561--567},
    volume = {15},
    url = {http://ieeexplore.ieee.org/lpdocs/epic03/wrapper.htm?arnumber=6882771},
    doi = {10.1109/JSEN.2014.2351452},
    issn = {1530-437X}
}

@book{Tchobanoglous1993IntegratedIssues,
    title = {{Integrated solid waste management : engineering principles and management issues}},
    year = {1993},
    author = {Tchobanoglous, George. and Theisen, Hilary. and Vigil, S. A.},
    pages = {978},
    publisher = {McGraw-Hill},
    isbn = {0070632375}
}

@book{NCGIA1990IntroductionGIS,
    title = {{Introduction to GIS}},
    year = {1990},
    author = {{NCGIA}},
    volume = {1},
    publisher = {National Center for Geographic Information and Analysis, University of California},
    address = {Santa Barbara}
}

@misc{KonigsbergBridges,
    title = {{K{\"{o}}nigsberg bridges}},
    url = {http://www-history.mcs.st-andrews.ac.uk/Extras/Konigsberg.html}
}

@phdthesis{Acosta2006LevantamientoCaballero,
    title = {{Levantamiento topogr{\'{a}}fico y SIG para abastecimiento de energ{\'{i}}a el{\'{e}}ctrica por via subterr{\'{a}}nea l{\'{i}}nea de 220 kv : tramo Estaci{\'{o}}n Puerto Bot{\'{a}}nico a Parque Caballero}},
    year = {2006},
    author = {Acosta, Rocío and Garcete, Fernando and Olmedo, Jorge},
    url = {https://www.cnc.una.py/opac/cliente.cgi?codbiblio=ING&orderby=&mode=full&last_mode=brief&last_limit=15&last_next_rec=1&last_cclquery=ti%3D%28Levantamiento+or+topogr%E1fico+or+y+or+SIG+or+para+or+abastecimiento+or+de+or+energ%EDa+or+el%E9ctrica+or+por+or+v}
}

@misc{MapboxJS,
    title = {{Mapbox GL JS}},
    url = {https://docs.mapbox.com/mapbox-gl-js/api/}
}

@article{Peuquet1991MethodsEnvironment,
    title = {{Methods for Structuring Digital Cartographic Data in a Personal Computer Environment}},
    year = {1991},
    journal = {Modern Cartography Series},
    author = {Peuquet, Donna J.},
    month = {1},
    pages = {67--95},
    volume = {1},
    publisher = {Academic Press},
    isbn = {9780080402772},
    doi = {10.1016/B978-0-08-040277-2.50013-1}
}

@misc{MiRuta,
    title = {{Mi Ruta}},
    url = {https://play.google.com/store/apps/details?id=com.zihua.android.mytracks}
}

@article{Gbanie2013ModellingLeone,
    title = {{Modelling landfill location using Geographic Information Systems (GIS) and Multi-Criteria Decision Analysis (MCDA): Case study Bo, Southern Sierra Leone}},
    year = {2013},
    journal = {Applied Geography},
    author = {Gbanie, Solomon Peter and Tengbe, Paul Bobby and Momoh, Jinnah Samuel and Medo, James and Kabba, Victor Tamba Simbay},
    month = {1},
    pages = {3--12},
    volume = {36},
    publisher = {Pergamon},
    url = {https://www.sciencedirect.com/science/article/pii/S0143622812000690},
    doi = {10.1016/J.APGEOG.2012.06.013},
    issn = {0143-6228}
}

@techreport{Vasquez2005ModeloChile,
    title = {{Modelo de simulaci{\'{o}}n de gesti{\'{o}}n de residuos s{\'{o}}lidos domiciliarios en la Regi{\'{o}}n Metropolitana de Chile}},
    year = {2005},
    booktitle = {Revista de Din{\'{a}}mica de Sistemas},
    author = {V{\'{a}}squez, Oscar},
    number = {1},
    volume = {1},
    url = {http://www.ced.cl/ced/wp-content/uploads/2012/03/modelosimulaciongestionresiduos.pdf}
}

@techreport{Ramos2010ModelosOptimizacion,
    title = {{Modelos Matem{\'{a}}ticos de Optimizaci{\'{o}}n}},
    year = {2010},
    author = {Ramos, Andrés and S{\'{a}}nchez, Pedro and Ferrer, José María and Barqu{\'{i}}n, Julián and Linares, Pedro},
    url = {https://www.gams.com/fileadmin/community/contrib/doc/modelado_en_gams.pdf}
}

@misc{MunicipalidadLimpia.,
    title = {{Municipalidad incrementa flota de camiones recolectores por una Asunci{\'{o}}n m{\'{a}}s Limpia.}},
    url = {http://www.asuncion.gov.py/servicios-urbanos/municipalidad-incrementa-flota-camiones-recolectores-una-asuncion-mas-limpia}
}

@misc{NGINX,
    title = {{NGINX}},
    url = {https://www.nginx.com/}
}

@book{Nocedal1999NumericalOptimization,
    title = {{Numerical Optimization}},
    year = {1999},
    author = {Nocedal, Jorge and Wright, Stephen J},
    publisher = {Springer}
}

@misc{OpenStreetMap,
    title = {{OpenStreetMap}},
    url = {https://www.openstreetmap.org}
}

@article{Sulemana2018OptimalMethods,
    title = {{Optimal Routing of Solid Waste Collection Trucks: A Review of Methods}},
    year = {2018},
    journal = {Journal of Engineering},
    author = {Sulemana, Alhassan and Donkor, Emmanuel A. and Forkuo, Eric K. and Oduro-Kwarteng, Sampson},
    month = {10},
    pages = {1--12},
    volume = {2018},
    doi = {10.1155/2018/4586376}
}

@article{Karadimas2007OptimalAlgorithm,
    title = {{Optimal solid waste collection routes identified by the ant colony system algorithm}},
    year = {2007},
    journal = {Waste Management {\&} Research},
    author = {Karadimas, Nikolaos V. and Papatzelou, Katerina and Loumos, Vassili G.},
    number = {2},
    month = {4},
    pages = {139--147},
    volume = {25},
    doi = {10.1177/0734242X07071312},
    pmid = {17439049}
}

@article{Tavares2009OptimisationModelling,
    title = {{Optimisation of MSW collection routes for minimum fuel consumption using 3D GIS modelling}},
    year = {2009},
    journal = {Waste Management},
    author = {Tavares, G. and Zsigraiova, Z. and Semiao, V. and Carvalho, M.G.},
    number = {3},
    month = {3},
    pages = {1176--1185},
    volume = {29},
    doi = {10.1016/j.wasman.2008.07.013}
}

@article{Petrik2016OPTIMIZATIONPAIRING,
    title = {{OPTIMIZATION OF THE MUNICIPAL WASTE COLLECTION ROUTE BASED ON THE METHOD OF THE MINIMUM PAIRING}},
    year = {2016},
    author = {Pet{\v{r}}{\'{i}}k, Michal and Bartoň, Stanislav},
    url = {http://dx.doi.org/10.11118/actaun201664030847},
    doi = {10.11118/actaun201664030847}
}

@article{Duzgun2016ParallelRouting,
    title = {{Parallel Hybrid Genetic Algorithm and GIS-Based Optimization for Municipal Solid Waste Collection Routing}},
    year = {2016},
    journal = {Journal of Computing in Civil Engineering},
    author = {D{\"{u}}zg{\"{u}}n, H. Şebnem and U{\c{s}}kay, S. Onur and Aksoy, Ayşegül},
    number = {3},
    month = {5},
    pages = {1--9},
    volume = {30},
    doi = {10.1061/(ASCE)CP.1943-5487.0000502}
}

@article{Vu2018ParameterModel,
    title = {{Parameter interrelationships in a dual phase GIS-based municipal solid waste collection model}},
    year = {2018},
    journal = {Waste Management},
    author = {Vu, Hoang Lan and Ng, Kelvin Tsun Wai and Bolingbroke, Damien},
    month = {8},
    pages = {258--270},
    volume = {78},
    publisher = {Pergamon},
    doi = {10.1016/J.WASMAN.2018.05.050}
}

@misc{DiarioABCColor2016PorColor,
    title = {{Por d{\'{i}}a Asunci{\'{o}}n recibe a 1.300.000 personas - Nacionales - ABC Color}},
    year = {2016},
    author = {{Diario ABC Color}},
    month = {5},
    url = {http://www.abc.com.py/nacionales/ingresan-por-dia-600-mil-vehiculos-a-asuncion-1483942.html}
}

@misc{PostGIS,
    title = {{PostGIS}},
    url = {https://postgis.net/}
}

@misc{PostgreSQL,
    title = {{PostgreSQL}},
    url = {https://www.postgresql.org/}
}

@techreport{MunicipalidaddeAsuncion2017Presupuesto2017,
    title = {{Presupuesto Municipal Ejercicio Fiscal 2017}},
    year = {2017},
    author = {{Municipalidad de Asunci{\'{o}}n}},
    url = {http://www.asuncion.gov.py/wp-content/uploads/2017/02/Presupuesto-por-Dependencia-2017-para-el-Portal.pdf},
    institution = {Municipalidad de Asunci{\'{o}}n}
}

@article{Burrough1986PrinciplesAssessment,
    title = {{Principles of geographical information systems for land resources assessment}},
    year = {1986},
    journal = {Geocarto International},
    author = {Burrough, P.A.},
    number = {3},
    month = {1},
    pages = {54--54},
    volume = {1},
    publisher = {Taylor {\&} Francis Group},
    doi = {10.1080/10106048609354060}
}

@techreport{2015Proyeccion2000-2025,
    title = {{Proyecci{\'{o}}n de la Poblaci{\'{o}}n por Sexo y Edad, seg{\'{u}}n Departamento, 2000-2025}},
    year = {2015},
    institution = {Direcci{\'{o}}n General de Estad{\'{i}}stica, Encuestas y Censos}
}

@misc{QGISSite,
    title = {{QGIS Web Site}},
    url = {https://qgis.org/es/site/}
}

@article{Dogan2003Report:Istanbul,
    title = {{Report: Cost and financing of municipal solid waste collection services in Istanbul}},
    year = {2003},
    journal = {Waste Management {\&} Research},
    author = {Do{\u{g}}an, Karadağ and S{\"{u}}leyman, Sakar},
    number = {5},
    month = {10},
    pages = {480--485},
    volume = {21},
    doi = {10.1177/0734242X0302100511}
}

@misc{ServiciosAsuncion,
    title = {{Servicios Urbanos Archives - Municipalidad de Asunci{\'{o}}n}},
    url = {http://www.asuncion.gov.py/category/servicios-urbanos}
}

@article{Bertsimas1993SimulatedAnnealing,
    title = {{Simulated annealing}},
    year = {1993},
    journal = {Statistical science},
    author = {Bertsimas, Dimitris and Tsitsiklis, John and {others}},
    number = {1},
    pages = {10--15},
    volume = {8},
    publisher = {Institute of Mathematical Statistics}
}

@article{Lozano2018SmartOptimization,
    title = {{Smart Waste Collection System with Low Consumption LoRaWAN Nodes and Route Optimization}},
    year = {2018},
    journal = {Sensors},
    author = {Lozano, Álvaro and Caridad, Javier and De Paz, Juan Francisco and Villarrubia Gonz{\'{a}}lez, Gabriel and Bajo, Javier},
    number = {5},
    month = {5},
    pages = {1465},
    volume = {18},
    publisher = {Multidisciplinary Digital Publishing Institute},
    doi = {10.3390/s18051465}
}

@article{Malakahmad2014SolidMalaysia,
    title = {{Solid Waste Collection Routes Optimization via GIS Techniques in Ipoh City, Malaysia}},
    year = {2014},
    journal = {Procedia Engineering},
    author = {Malakahmad, Amirhossein and Bakri, Putri Md and Mokhtar, Munirah Radin Md and Khalil, Noordiana},
    month = {1},
    pages = {20--27},
    volume = {77},
    publisher = {Elsevier},
    doi = {10.1016/J.PROENG.2014.07.023}
}

@article{Mohammed2017SolvingSolution,
    title = {{Solving vehicle routing problem by using improved genetic algorithm for optimal solution}},
    year = {2017},
    journal = {Journal of Computational Science},
    author = {Mohammed, Mazin Abed and Abd Ghani, Mohd Khanapi and Hamed, Raed Ibraheem and Mostafa, Salama A. and Ahmad, Mohd Sharifuddin and Ibrahim, Dheyaa Ahmed},
    month = {7},
    pages = {255--262},
    volume = {21},
    publisher = {Elsevier},
    doi = {10.1016/J.JOCS.2017.04.003}
}

@misc{SQLArchitect,
    title = {{SQL Power Architect}},
    url = {https://www.sqlpower.ca/architect/Copy%20of%20current.html}
}

@article{VitorinodeSouzaMelare2017TechnologiesReview,
    title = {{Technologies and decision support systems to aid solid-waste management: a systematic review}},
    year = {2017},
    journal = {Waste Management},
    author = {Vitorino de Souza Melar{\'{e}}, Angelina and Montenegro Gonz{\'{a}}lez, Sahudy and Faceli, Katti and Casadei, Vitor},
    month = {1},
    pages = {567--584},
    volume = {59},
    publisher = {Pergamon},
    url = {https://www.sciencedirect.com/science/article/pii/S0956053X16306171},
    doi = {10.1016/J.WASMAN.2016.10.045}
}

@article{Ramos2018TheApproaches,
    title = {{The smart waste collection routing problem: Alternative operational management approaches}},
    year = {2018},
    journal = {Expert Systems with Applications},
    author = {Ramos, Tânia Rodrigues Pereira and de Morais, Carolina Soares and Barbosa-P{\'{o}}voa, Ana Paula},
    month = {8},
    pages = {146--158},
    volume = {103},
    publisher = {Pergamon},
    doi = {10.1016/J.ESWA.2018.03.001}
}

@phdthesis{BergottiniGonzalez2018TopografiaSanitarios,
    title = {{Topograf{\'{i}}a aplicada al dise{\~{n}}o de servicios ambientales y sanitarios}},
    year = {2018},
    author = {Bergottini Gonz{\'{a}}lez, Inocencio Troadio and Galeano Villalba, Aldo Valentín},
    url = {https://www.cnc.una.py/opac/cliente.cgi?codbiblio=ING&orderby=&mode=full&last_mode=brief&last_limit=15&last_next_rec=1&last_cclquery=ti%3D%28Topograf%EDa+or+Aplicada+or+al+or+Dise%F1o+or+de+or+Servicios+or+Ambientales+or+y+or+Sanitarios%29&last_codbiblio=}
}

@article{Arribas2010UrbanSystems,
    title = {{Urban solid waste collection system using mathematical modelling and tools of geographic information systems}},
    year = {2010},
    journal = {Waste Management {\&} Research},
    author = {Arribas, Claudia Andrea and Blazquez, Carola Alejandra and Lamas, Alejandro},
    number = {4},
    month = {4},
    pages = {355--363},
    volume = {28},
    doi = {10.1177/0734242X09353435},
    pmid = {19942643}
}

@article{Kallel2016UsingTunisia,
    title = {{Using GIS-Based Tools for the Optimization of Solid Waste Collection and Transport: Case Study of Sfax City, Tunisia}},
    year = {2016},
    journal = {Journal of Engineering},
    author = {Kallel, Amjad and Serbaji, Mohamed Moncef and Zairi, Moncef},
    month = {3},
    pages = {1--7},
    volume = {2016},
    publisher = {Hindawi},
    doi = {10.1155/2016/4596849}
}

@article{Kim2006WasteWindows,
    title = {{Waste collection vehicle routing problem with time windows}},
    year = {2006},
    journal = {Computers {\&} Operations Research},
    author = {Kim, Byung-In and Kim, Seongbae and Sahoo, Surya},
    number = {12},
    month = {12},
    pages = {3624--3642},
    volume = {33},
    publisher = {Pergamon},
    doi = {10.1016/J.COR.2005.02.045}
}

@inproceedings{Ombuki-Berman2007WasteAlgorithms,
    title = {{Waste collection vehicle routing problem with time windows using multi-objective genetic algorithms}},
    year = {2007},
    booktitle = {Proceedings of the Third IASTED International Conference on Computational Intelligence},
    author = {Ombuki-Berman, Beatrice M and Runka, Andrew and Hanshar, Franklint and Hanshar, Franklin T},
    pages = {91--97}
}